<record><leader>00000cas a2200000 a 4500</leader><controlfield tag="001">10847421</controlfield><controlfield tag="008">840615d18291829vtuwr ne      0    0eng d</controlfield><datafield ind1=" " ind2=" " tag="010"><subfield code="a">sn 84023375 </subfield></datafield><datafield ind1=" " ind2=" " tag="040"><subfield code="a">AQM</subfield><subfield code="b">eng</subfield><subfield code="c">AQM</subfield><subfield code="d">NPX</subfield><subfield code="d">DLC</subfield><subfield code="d">NVN</subfield><subfield code="d">OCLCF</subfield><subfield code="d">OCLCO</subfield></datafield><datafield ind1="1" ind2=" " tag="029"><subfield code="a">AU@</subfield><subfield code="b">000020228367</subfield></datafield><datafield ind1=" " ind2=" " tag="042"><subfield code="a">msc</subfield></datafield><datafield ind1="0" ind2="0" tag="050"><subfield code="a">Newspaper 9952-X</subfield></datafield><datafield ind1="0" ind2="0" tag="245"><subfield code="a">Vermont luminary, or, Orange gazette, Masonic reformer, and Christian watchman.</subfield></datafield><datafield ind1="1" ind2="0" tag="246"><subfield code="a">Orange gazette, Masonic reformer, and Christian watchman</subfield></datafield><datafield ind1="1" ind2="3" tag="246"><subfield code="a">Vermont luminary</subfield></datafield><datafield ind1=" " ind2=" " tag="260"><subfield code="a">East Randolph, Vt. :</subfield><subfield code="b">Edward B. Rollins,</subfield><subfield code="c">1829.</subfield></datafield><datafield ind1=" " ind2=" " tag="300"><subfield code="a">v. ;</subfield><subfield code="c">52 cm.</subfield></datafield><datafield ind1=" " ind2=" " tag="310"><subfield code="a">Weekly</subfield></datafield><datafield ind1="0" ind2=" " tag="362"><subfield code="a">Vol. 1, no. 1 (Jan. 10, 1829)-v. 1, no. 14 (Apr. 8, 1829).</subfield></datafield><datafield ind1=" " ind2=" " tag="500"><subfield code="a">"Anti-Masonic."</subfield></datafield><datafield ind1=" " ind2="0" tag="651"><subfield code="a">Vermont</subfield><subfield code="v">Newspapers.</subfield></datafield><datafield ind1=" " ind2="7" tag="655"><subfield code="a">Newspapers.</subfield><subfield code="2">fast</subfield><subfield code="0">(OCoLC)fst01423814</subfield></datafield><datafield ind1=" " ind2="7" tag="651"><subfield code="a">Vermont.</subfield><subfield code="2">fast</subfield><subfield code="0">(OCoLC)fst01204305</subfield></datafield><datafield ind1=" " ind2=" " tag="752"><subfield code="a">United States</subfield><subfield code="b">Vermont</subfield><subfield code="c">Orange</subfield><subfield code="d">East Randolph.</subfield></datafield><datafield ind1="0" ind2="0" tag="785"><subfield code="t">Vermont luminary</subfield><subfield code="w">(DLC)sn 84023374</subfield><subfield code="w">(OCoLC)10844830</subfield></datafield></record>